<?xml version="1.0" encoding="UTF-8"?><collection xmlns="http://www.loc.gov/MARC21/slim"><record><leader>00505nam--2200145-i-4500</leader><controlfield tag="001">000006385</controlfield><controlfield tag="002">20161230</controlfield><controlfield tag="005">20170304191937</controlfield><controlfield tag="008">060222s1000------------r-----000-0-eng-d</controlfield><datafield ind1=" " ind2=" " tag="100"><subfield code="a">Colley, J. R</subfield></datafield><datafield ind1=" " ind2=" " tag="245"><subfield code="a">The cooling requirements and process systems of the South African research reactor safari 1 the control and instrumentation of the South African research reactor</subfield></datafield><datafield ind1=" " ind2=" " tag="260"><subfield code="a">[Pretoria]</subfield><subfield code="b">[S.A.Atomic Energy Board]</subfield><subfield code="c">1962</subfield></datafield><datafield ind1=" " ind2=" " tag="300"><subfield code="a">28 p</subfield></datafield><datafield ind1=" " ind2=" " tag="700"><subfield code="a">Joubert, P. J</subfield></datafield><datafield ind1=" " ind2=" " tag="CAT"><subfield code="a">SYS</subfield><subfield code="c">20170304</subfield><subfield code="h">191937</subfield></datafield></record></collection>